<?xml version="1.0" encoding="UTF-8"?><record xmlns="http://www.loc.gov/MARC21/slim" xmlns:cinclude="http://apache.org/cocoon/include/1.0" xmlns:zs="http://www.loc.gov/zing/srw/">
  <leader>00536cz  a2200133n  4500</leader>
  <controlfield tag="001">nb 99055935 </controlfield>
  <controlfield tag="003">DLC</controlfield>
  <controlfield tag="005">20140807073820.0</controlfield>
  <controlfield tag="008">990701n| azannaabn          |n aaa     c</controlfield>
  <datafield tag="010" ind1=" " ind2=" ">
    <subfield code="a">nb 99055935 </subfield>
    <subfield code="z">n  98802549 </subfield>
  </datafield>
  <datafield tag="035" ind1=" " ind2=" ">
    <subfield code="a">(OCoLC)oca05019891</subfield>
  </datafield>
  <datafield tag="040" ind1=" " ind2=" ">
    <subfield code="a">Uk</subfield>
    <subfield code="b">eng</subfield>
    <subfield code="c">Uk</subfield>
    <subfield code="d">DLC</subfield>
    <subfield code="e">rda</subfield>
    <subfield code="d">DNLM</subfield>
  </datafield>
  <datafield tag="100" ind1="1" ind2=" ">
    <subfield code="a">Baum, Victor C.</subfield>
  </datafield>
  <datafield tag="670" ind1=" " ind2=" ">
    <subfield code="a">Anesthesia for genetic, metabolic, and dysmorphic syndromes of childhood, c1999:</subfield>
    <subfield code="b">t.p. (Victor C. Baum, M.D. associate professor of anesthesiology and pediatrics; director, Cardiac Anesthesia, University of Virginia)</subfield>
  </datafield>
</record>